<?xml version="1.0" encoding="UTF-8"?><collection xmlns="http://www.loc.gov/MARC21/slim"><record><leader>00503nam--2200181-u-4500</leader><controlfield tag="001">000053379</controlfield><controlfield tag="002">20161230</controlfield><controlfield tag="005">20170305222741</controlfield><controlfield tag="008">110322s1000------------r-----000-0-eng-d</controlfield><datafield ind1=" " ind2=" " tag="020"><subfield code="a">0471827282</subfield></datafield><datafield ind1=" " ind2=" " tag="040"><subfield code="a">IFIN-HH</subfield></datafield><datafield ind1=" " ind2=" " tag="080"><subfield code="a">530.182:531.314(042.4)</subfield></datafield><datafield ind1="1" ind2=" " tag="100"><subfield code="a">Tabor, Michael</subfield></datafield><datafield ind1="1" ind2="0" tag="245"><subfield code="a">Chaos and integrability in nonlinear dynamics</subfield><subfield code="b">An introduction</subfield><subfield code="c">Michael Tabor</subfield></datafield><datafield ind1=" " ind2=" " tag="260"><subfield code="a">New York</subfield><subfield code="b">John Wiley &amp; Sons</subfield><subfield code="c">1989</subfield></datafield><datafield ind1=" " ind2=" " tag="300"><subfield code="a">364 p</subfield></datafield><datafield ind1=" " ind2=" " tag="852"><subfield code="a">81397</subfield><subfield code="c">530.1</subfield></datafield><datafield ind1=" " ind2=" " tag="CAT"><subfield code="a">SYS</subfield><subfield code="c">20170305</subfield><subfield code="h">222741</subfield></datafield></record></collection>